@article{fonte1,
    title={Obstacle Avoidance Algorithms for Autonomous Navigation system in Unstructured Indoor areas },
    author={Lorenzo Galtarossa, Prof. Marcello Chiaberge},
    journal={Politecnico di Torino},
    year={2018}
}

@article{fonte2,
    title={Autonomous and {Mobile} {Robotics} - {Artificial} {Potential} {Fields}},
    author={Prof. Giuseppe Oriolo},
    journal={Sapienza, Università di Roma},
}

@article{fonte3,
    title={Applicazione di recapito parcelle mediante robot mobili},
    author={Simone Mastrocola, Prof. Giorgio Grisetti},
    journal={Sapienza, Università di Roma},
    year={2021}
}